%YAML 1.1
%TAG !u! tag:unity3d.com,2011:
--- !u!1 &4062272003052293584
GameObject:
  m_ObjectHideFlags: 0
  m_CorrespondingSourceObject: {fileID: 0}
  m_PrefabInstance: {fileID: 0}
  m_PrefabAsset: {fileID: 0}
  serializedVersion: 6
  m_Component:
  - component: {fileID: 4062272003052293585}
  - component: {fileID: 4062272003052293582}
  - component: {fileID: 4062272003052293580}
  - component: {fileID: 4062272003052293581}
  - component: {fileID: -2005021732190637235}
  m_Layer: 7
  m_Name: Barrel
  m_TagString: Untagged
  m_Icon: {fileID: 0}
  m_NavMeshLayer: 0
  m_StaticEditorFlags: 0
  m_IsActive: 1
--- !u!4 &4062272003052293585
Transform:
  m_ObjectHideFlags: 0
  m_CorrespondingSourceObject: {fileID: 0}
  m_PrefabInstance: {fileID: 0}
  m_PrefabAsset: {fileID: 0}
  m_GameObject: {fileID: 4062272003052293584}
  m_LocalRotation: {x: -0, y: -0, z: -0, w: 1}
  m_LocalPosition: {x: 2, y: 0, z: 0}
  m_LocalScale: {x: 1, y: 1, z: 1}
  m_Children:
  - {fileID: 4066747659016611007}
  m_Father: {fileID: 0}
  m_RootOrder: 0
  m_LocalEulerAnglesHint: {x: 0, y: 0, z: 0}
--- !u!65 &4062272003052293582
BoxCollider:
  m_ObjectHideFlags: 0
  m_CorrespondingSourceObject: {fileID: 0}
  m_PrefabInstance: {fileID: 0}
  m_PrefabAsset: {fileID: 0}
  m_GameObject: {fileID: 4062272003052293584}
  m_Material: {fileID: 0}
  m_IsTrigger: 0
  m_Enabled: 1
  serializedVersion: 2
  m_Size: {x: 0.6, y: 1, z: 0.6}
  m_Center: {x: 0, y: 0.5, z: 0}
--- !u!114 &4062272003052293580
MonoBehaviour:
  m_ObjectHideFlags: 0
  m_CorrespondingSourceObject: {fileID: 0}
  m_PrefabInstance: {fileID: 0}
  m_PrefabAsset: {fileID: 0}
  m_GameObject: {fileID: 4062272003052293584}
  m_Enabled: 1
  m_EditorHideFlags: 0
  m_Script: {fileID: 11500000, guid: 91bd9556fb6ddb94db7c8a8eb1b0e2c5, type: 3}
  m_Name: 
  m_EditorClassIdentifier: 
  maxHealth: 100
  currentHealth: 100
  isInvincible: 0
  floatingPoint: {fileID: 0}
  damageIndicatorColor: {r: 0, g: 0, b: 0, a: 0}
--- !u!114 &4062272003052293581
MonoBehaviour:
  m_ObjectHideFlags: 0
  m_CorrespondingSourceObject: {fileID: 0}
  m_PrefabInstance: {fileID: 0}
  m_PrefabAsset: {fileID: 0}
  m_GameObject: {fileID: 4062272003052293584}
  m_Enabled: 1
  m_EditorHideFlags: 0
  m_Script: {fileID: 11500000, guid: 8d453f52eef6b8e4ba5c337b53bf792d, type: 3}
  m_Name: 
  m_EditorClassIdentifier: 
  itemName: 
  getRandomItem: 1
  dropNum: 1
--- !u!114 &-2005021732190637235
MonoBehaviour:
  m_ObjectHideFlags: 0
  m_CorrespondingSourceObject: {fileID: 0}
  m_PrefabInstance: {fileID: 0}
  m_PrefabAsset: {fileID: 0}
  m_GameObject: {fileID: 4062272003052293584}
  m_Enabled: 1
  m_EditorHideFlags: 0
  m_Script: {fileID: 11500000, guid: 6387542a8b9b23f4ba37cf52d119ffb1, type: 3}
  m_Name: 
  m_EditorClassIdentifier: 
  maxHealth: 100
  currentHealth: 100
  isInvincible: 0
  floatingPoint: {fileID: 0}
  damageIndicatorColor: {r: 0, g: 0, b: 0, a: 0}
--- !u!1001 &4062272003262529869
PrefabInstance:
  m_ObjectHideFlags: 0
  serializedVersion: 2
  m_Modification:
    m_TransformParent: {fileID: 4062272003052293585}
    m_Modifications:
    - target: {fileID: 1569311349296154, guid: 4fd3fd966a4c8a344836e1de87d78767, type: 3}
      propertyPath: m_Name
      value: SM_Prop_Barrel_01
      objectReference: {fileID: 0}
    - target: {fileID: 1569311349296154, guid: 4fd3fd966a4c8a344836e1de87d78767, type: 3}
      propertyPath: m_Layer
      value: 7
      objectReference: {fileID: 0}
    - target: {fileID: 4481258040878578, guid: 4fd3fd966a4c8a344836e1de87d78767, type: 3}
      propertyPath: m_RootOrder
      value: 0
      objectReference: {fileID: 0}
    - target: {fileID: 4481258040878578, guid: 4fd3fd966a4c8a344836e1de87d78767, type: 3}
      propertyPath: m_LocalPosition.x
      value: 0
      objectReference: {fileID: 0}
    - target: {fileID: 4481258040878578, guid: 4fd3fd966a4c8a344836e1de87d78767, type: 3}
      propertyPath: m_LocalPosition.y
      value: 0
      objectReference: {fileID: 0}
    - target: {fileID: 4481258040878578, guid: 4fd3fd966a4c8a344836e1de87d78767, type: 3}
      propertyPath: m_LocalPosition.z
      value: 0
      objectReference: {fileID: 0}
    - target: {fileID: 4481258040878578, guid: 4fd3fd966a4c8a344836e1de87d78767, type: 3}
      propertyPath: m_LocalRotation.w
      value: 1
      objectReference: {fileID: 0}
    - target: {fileID: 4481258040878578, guid: 4fd3fd966a4c8a344836e1de87d78767, type: 3}
      propertyPath: m_LocalRotation.x
      value: -0
      objectReference: {fileID: 0}
    - target: {fileID: 4481258040878578, guid: 4fd3fd966a4c8a344836e1de87d78767, type: 3}
      propertyPath: m_LocalRotation.y
      value: -0
      objectReference: {fileID: 0}
    - target: {fileID: 4481258040878578, guid: 4fd3fd966a4c8a344836e1de87d78767, type: 3}
      propertyPath: m_LocalRotation.z
      value: -0
      objectReference: {fileID: 0}
    - target: {fileID: 4481258040878578, guid: 4fd3fd966a4c8a344836e1de87d78767, type: 3}
      propertyPath: m_LocalEulerAnglesHint.x
      value: 0
      objectReference: {fileID: 0}
    - target: {fileID: 4481258040878578, guid: 4fd3fd966a4c8a344836e1de87d78767, type: 3}
      propertyPath: m_LocalEulerAnglesHint.y
      value: 0
      objectReference: {fileID: 0}
    - target: {fileID: 4481258040878578, guid: 4fd3fd966a4c8a344836e1de87d78767, type: 3}
      propertyPath: m_LocalEulerAnglesHint.z
      value: 0
      objectReference: {fileID: 0}
    m_RemovedComponents: []
  m_SourcePrefab: {fileID: 100100000, guid: 4fd3fd966a4c8a344836e1de87d78767, type: 3}
--- !u!4 &4066747659016611007 stripped
Transform:
  m_CorrespondingSourceObject: {fileID: 4481258040878578, guid: 4fd3fd966a4c8a344836e1de87d78767, type: 3}
  m_PrefabInstance: {fileID: 4062272003262529869}
  m_PrefabAsset: {fileID: 0}
